<record><leader>00000cas a2200000 a 4500</leader><controlfield tag="001">6775374</controlfield><controlfield tag="008">801001d18691884iaumr ne      0   a0eng d</controlfield><controlfield tag="009">1045</controlfield><datafield ind1=" " ind2=" " tag="010"><subfield code="a">sn 87057401 </subfield></datafield><datafield ind1=" " ind2=" " tag="040"><subfield code="a">IOD</subfield><subfield code="b">eng</subfield><subfield code="c">IOD</subfield><subfield code="d">INP</subfield><subfield code="d">OCL</subfield></datafield><datafield ind1=" " ind2=" " tag="042"><subfield code="a">msc</subfield></datafield><datafield ind1=" " ind2=" " tag="090"><subfield code="a">AN2.I8</subfield><subfield code="b">D55</subfield></datafield><datafield ind1="0" ind2=" " tag="130"><subfield code="a">New broom (Des Moines, Iowa)</subfield></datafield><datafield ind1="0" ind2="4" tag="245"><subfield code="a">The new broom.</subfield></datafield><datafield ind1=" " ind2=" " tag="260"><subfield code="a">Des Moines, [Iowa] :</subfield><subfield code="b">Carter, Hussey &amp; Curl,</subfield><subfield code="c">1869-</subfield></datafield><datafield ind1=" " ind2=" " tag="300"><subfield code="a">v. :</subfield><subfield code="b">ill. ;</subfield><subfield code="c">29-39 cm.</subfield></datafield><datafield ind1=" " ind2=" " tag="310"><subfield code="a">Monthly,</subfield><subfield code="b">Mar. 9, 1871-&lt;July 1884&gt;</subfield></datafield><datafield ind1=" " ind2=" " tag="321"><subfield code="a">Semimonthly,</subfield><subfield code="b">Nov. 25, 1869-Feb. 6, 1871</subfield></datafield><datafield ind1="0" ind2=" " tag="362"><subfield code="a">Vol. 1, no. 1 (Nov. 25, 1869)-v. 2, no. 7 (Nov. 4, 1871) ; New ser., v. 1, no. 1 (Nov. 1883)-</subfield></datafield><datafield ind1="1" ind2=" " tag="362"><subfield code="a">Ceased in 1884?</subfield></datafield><datafield ind1=" " ind2=" " tag="500"><subfield code="a">Publisher varies.</subfield></datafield><datafield ind1=" " ind2=" " tag="515"><subfield code="a">Suspended Nov. 4, 1871-Nov. 1883.</subfield></datafield><datafield ind1=" " ind2=" " tag="752"><subfield code="a">United States</subfield><subfield code="b">Iowa</subfield><subfield code="c">Polk</subfield><subfield code="d">Des Moines.</subfield></datafield></record>